<?xml version="1.0" encoding="UTF-8"?><collection xmlns="http://www.loc.gov/MARC21/slim"><record><leader>00427nam--2200157-i-4500</leader><controlfield tag="001">000036635</controlfield><controlfield tag="002">20161230</controlfield><controlfield tag="005">20161230201041</controlfield><controlfield tag="008">060222s1000------------r-----000-0-eng-d</controlfield><datafield ind1=" " ind2=" " tag="080"><subfield code="a">517.5(076.1)</subfield></datafield><datafield ind1="1" ind2=" " tag="100"><subfield code="a">Popa, Eugen</subfield></datafield><datafield ind1="1" ind2="0" tag="245"><subfield code="a">Culegere de probleme de analiza functiionala</subfield></datafield><datafield ind1=" " ind2=" " tag="260"><subfield code="a">Bucuresti, Ed.Didactica Si Padagogica, 1981. 155p</subfield></datafield><datafield ind1=" " ind2=" " tag="700"><subfield code="a">Eugen Popa</subfield></datafield><datafield ind1=" " ind2=" " tag="852"><subfield code="a">49416</subfield><subfield code="c">517.5</subfield></datafield><datafield ind1=" " ind2=" " tag="CAT"><subfield code="a">Sys</subfield><subfield code="c">20080811</subfield><subfield code="h">132124</subfield></datafield></record></collection>